<?xml version="1.0" encoding="UTF-8"?>
<collection xmlns:xsi="http://www.w3.org/2001/XMLSchema-instance" xsi:schemaLocation="http://www.loc.gov/MARC21/slim http://www.loc.gov/standards/marcxml/schema/MARC21slim.xsd" xmlns="http://www.loc.gov/MARC21/slim">
<record>
  <leader>01236cam a2200289ua 4500</leader>
  <controlfield tag="001">660806</controlfield>
  <controlfield tag="003">NNC</controlfield>
  <controlfield tag="005">20100309175631.0</controlfield>
  <controlfield tag="008">880622s1977    ir            00010 ara d</controlfield>
  <datafield tag="035" ind1=" " ind2=" ">
    <subfield code="a">(OCoLC)83500355</subfield>
  </datafield>
  <datafield tag="035" ind1=" " ind2=" ">
    <subfield code="a">(OCoLC)ocm83500355</subfield>
  </datafield>
  <datafield tag="035" ind1=" " ind2=" ">
    <subfield code="a">(CStRLIN)NYCG88-B46889</subfield>
  </datafield>
  <datafield tag="035" ind1=" " ind2=" ">
    <subfield code="9">ACW8711CU</subfield>
  </datafield>
  <datafield tag="035" ind1=" " ind2=" ">
    <subfield code="a">(NNC)660806</subfield>
  </datafield>
  <datafield tag="040" ind1=" " ind2=" ">
    <subfield code="a">NN</subfield>
    <subfield code="c">NN</subfield>
    <subfield code="d">NjP</subfield>
  </datafield>
  <datafield tag="041" ind1="0" ind2=" ">
    <subfield code="a">araper</subfield>
  </datafield>
  <datafield tag="090" ind1=" " ind2=" ">
    <subfield code="a">2459.447</subfield>
    <subfield code="b">.352</subfield>
  </datafield>
  <datafield tag="100" ind1="1" ind2="0">
    <subfield code="a">Adīb Yaʻqūb Kurdī Nīshabūrī,</subfield>
    <subfield code="d">fl. 1046.</subfield>
  </datafield>
  <datafield tag="245" ind1="1" ind2="0">
    <subfield code="a">Kitāb al-balaghah,</subfield>
    <subfield code="b">farhang-i ʻArabī va Fārsī, taʾlīf-i Adīb Yaʻqūb Kurdī Nayshābūrī. Muqābilah va taṣḥīḥ-i matn bih ihtimām-i Mujtabā Minuvī va Fīrūz Ḥarīrchī.</subfield>
  </datafield>
  <datafield tag="260" ind1=" " ind2=" ">
    <subfield code="a">[Tihrān]</subfield>
    <subfield code="b">Bunyād-i Farhang-i Īrān [2535 i.e.</subfield>
    <subfield code="c">1977]</subfield>
  </datafield>
  <datafield tag="300" ind1=" " ind2=" ">
    <subfield code="a">22, 534 p.</subfield>
    <subfield code="c">25 cm.</subfield>
  </datafield>
  <datafield tag="490" ind1="1" ind2=" ">
    <subfield code="a">Intishārāt-i Bunyad-i Farhang-i Īrān ;</subfield>
    <subfield code="v">244.</subfield>
    <subfield code="a">Farhangʹhāyi Tāzī bih Pārsī ;</subfield>
    <subfield code="v">11</subfield>
  </datafield>
  <datafield tag="650" ind1=" " ind2="0">
    <subfield code="a">Arabic language</subfield>
    <subfield code="x">Dictionaries</subfield>
    <subfield code="x">Persian.</subfield>
  </datafield>
  <datafield tag="700" ind1="1" ind2="0">
    <subfield code="a">Minuvī, Mujtabā.</subfield>
  </datafield>
  <datafield tag="700" ind1="1" ind2="0">
    <subfield code="a">Ḥarīrchī, Fīruz̄.</subfield>
  </datafield>
  <datafield tag="830" ind1=" " ind2="0">
    <subfield code="a">Intishārāt-i Bunyād-i Farhang-i Īrān ;</subfield>
    <subfield code="v">244.</subfield>
  </datafield>
  <datafield tag="830" ind1=" " ind2="0">
    <subfield code="a">Intishārāt-i Bunyād-i Farhang-i Īrān.</subfield>
    <subfield code="p">Farhangʹhā-yi Tāzī bih Pārsī ;</subfield>
    <subfield code="v">11.</subfield>
  </datafield>
  <datafield tag="955" ind1=" " ind2=" ">
    <subfield code="b">CU59581875</subfield>
    <subfield code="d">off,glx</subfield>
    <subfield code="e">ME07518</subfield>
  </datafield>
</record>
</collection>